@article{ WOS:000670909100001,
Author = {Inoue, Ken and Seksenbayev, Nursultan and Chaizhunusova, Nailya and
   Moldagaliyev, Timur and Ospanova, Nargul and Tokesheva, Sholpan and
   Zhunussov, Yersin T. and Takeichi, Nobuo and Noso, Yoshihiro and Hoshi,
   Masaharu and Kawano, Noriyuki},
Title = {An Exploration of the Labor, Financial, and Economic Factors Related to
   Suicide in the Republic of Kazakhstan},
Journal = {INTERNATIONAL JOURNAL OF ENVIRONMENTAL RESEARCH AND PUBLIC HEALTH},
Year = {2021},
Volume = {18},
Number = {13},
Month = {JUL},
DOI = {10.3390/ijerph18136992},
Article-Number = {6992},
EISSN = {1660-4601},
ORCID-Numbers = {Kawano, Noriyuki/0000-0003-2048-9547},
Unique-ID = {WOS:000670909100001},
}

@article{yates_clare_woods_2013, 
title={Mild cognitive impairment and mood: a systematic review},
volume={23}, 
DOI={10.1017/S0959259813000129}, 
number={4},
journal={Reviews in Clinical Gerontology},
publisher={Cambridge University Press},
author={Yates, Jennifer A and Clare, Linda and Woods, Robert T},
year={2013},
pages={317–356}
}


@article{ WOS:000346995600002,
Author = {Kaspar, Roman and Oswald, Frank and Wahl, Hans-Werner and Voss, Elke and
   Wettstein, Markus},
Title = {Daily Mood and Out-of-Home Mobility in Older Adults: Does Cognitive
   Impairment Matter?},
Journal = {JOURNAL OF APPLIED GERONTOLOGY},
Year = {2015},
Volume = {34},
Number = {1},
Pages = {26-47},
Month = {FEB},
DOI = {10.1177/0733464812466290},
ISSN = {0733-4648},
EISSN = {1552-4523},
ResearcherID-Numbers = {Wettstein, Markus/ABI-8165-2020
   Kaspar, Roman/AAD-5588-2022},
ORCID-Numbers = {Kaspar, Roman/0000-0002-5829-2363},
Unique-ID = {WOS:000346995600002},
}

@inproceedings{ WOS:000591565600071,
Author = {Tonchev, Krasimir and Balabanov, Georgi and Manolova, Agata and Poulkov,
   Vladimir},
Editor = {Arai, K and Kapoor, S and Bhatia, R},
Title = {Personalized and Intelligent Sleep and Mood Estimation Modules with Web
   based User Interface for Improving Quality of Life},
Booktitle = {INTELLIGENT COMPUTING, VOL 1},
Series = {Advances in Intelligent Systems and Computing},
Year = {2019},
Volume = {858},
Pages = {922-935},
Note = {Computing Conference, London, ENGLAND, JUL 10-12, 2018},
Organization = {Sci \& Informat Org},
DOI = {10.1007/978-3-030-01174-1\_71},
ISSN = {2194-5357},
EISSN = {2194-5365},
ISBN = {978-3-030-01174-1; 978-3-030-01173-4},
ResearcherID-Numbers = {Manolova, Agata/AAU-9548-2021
   Balabanov, Georgi/R-5215-2016
   Poulkov, Vladimir/P-1879-2016},
ORCID-Numbers = {Manolova, Agata/0000-0002-8120-363X
   Balabanov, Georgi/0000-0003-1420-9924
   Tonchev, Krasimir/0000-0002-3332-666X
   Poulkov, Vladimir/0000-0003-3226-5639},
Unique-ID = {WOS:000591565600071},
}

@article{schueller2021understanding,
  title={Understanding People’s Use of and Perspectives on Mood-Tracking Apps: Interview Study},
  author={Schueller, Stephen M and Neary, Martha and Lai, Jocelyn and Epstein, Daniel A},
  journal={JMIR mental health},
  volume={8},
  number={8},
  pages={e29368},
  year={2021},
  publisher={JMIR Publications Inc., Toronto, Canada}
}

@inproceedings{khue2015mood,
  title={Mood self-assessment on smartphones},
  author={Khue, Le Minh and Ouh, Eng Lieh and Jarzabek, Stan},
  booktitle={Proceedings of the conference on Wireless Health},
  pages={1--8},
  year={2015}
}

@inproceedings{ WOS:000723951900034,
Author = {Shang-Chi Tu and Kuo, Pei-Yi (Patricia)},
Book-Group-Author = {ASSOC COMP MACHINERY},
Title = {AudioMomento Promoting Everyday Emotional Wellness via an Audio
   Journaling Book},
Booktitle = {UBICOMP/ISWC `21 ADJUNCT: PROCEEDINGS OF THE 2021 ACM INTERNATIONAL
   JOINT CONFERENCE ON PERVASIVE AND UBIQUITOUS COMPUTING AND PROCEEDINGS
   OF THE 2021 ACM INTERNATIONAL SYMPOSIUM ON WEARABLE COMPUTERS},
Year = {2021},
Pages = {78-80},
Note = {ACM International Joint Conference on Pervasive and Ubiquitous Computing
   (UbiComp) / ACM International Symposium on Wearable Computers (ISWC),
   ELECTR NETWORK, SEP 21-26, 2021},
Organization = {Assoc Comp Machinery; ACM SIGCHI; ACM SIGMOBILE; Google; Intel;
   Microsoft; Stabilo; UVA Link Lab; Springer},
DOI = {10.1145/3460418.3479302},
ISBN = {978-1-4503-8461-2},
Unique-ID = {WOS:000723951900034},
}

@article{hantsoo2018mobile,
  title={A mobile application for monitoring and management of depressed mood in a vulnerable pregnant population},
  author={Hantsoo, Liisa and Criniti, Stephanie and Khan, Annum and Moseley, Marian and Kincler, Naomi and Faherty, Laura J and Epperson, C Neill and Bennett, Ian M},
  journal={Psychiatric Services},
  volume={69},
  number={1},
  pages={104--107},
  year={2018},
  publisher={Am Psychiatric Assoc}
}

@article{cottingham2020capturing,
  title={Capturing emotion with audio diaries},
  author={Cottingham, Marci D and Erickson, Rebecca J},
  journal={Qualitative Research},
  volume={20},
  number={5},
  pages={549--564},
  year={2020},
  publisher={SAGE Publications Sage UK: London, England}
}

@article{mupambireyi2019reflections,
  title={Reflections on the use of audio diaries to access young people’s lived experiences of HIV in Zimbabwe},
  author={Mupambireyi, Z and Bernays, S},
  journal={Qualitative Health Research},
  volume={29},
  number={5},
  pages={680--692},
  year={2019},
  publisher={Sage Publications Sage CA: Los Angeles, CA}
}

@inproceedings{sawhney2018audio,
  title={Audio journaling for self-reflection and assessment among teens in participatory media programs},
  author={Sawhney, Nitin and Graver, Cleve and Breitkopf, Emily},
  booktitle={Proceedings of the 17th ACM Conference on Interaction Design and Children},
  pages={93--105},
  year={2018}
}

@article{worth2009making,
  title={Making use of audio diaries in research with young people: Examining narrative, participation and audience},
  author={Worth, Nancy},
  journal={Sociological Research Online},
  volume={14},
  number={4},
  pages={77--87},
  year={2009},
  publisher={SAGE Publications Sage UK: London, England}
}

@mics{kz-dementia,
  title={Деменцией в Казахстане страдают в десятки раз больше человек, чем признает официальная статистика},
  author={Макаренко Людмила},
  howpublished={https://kazpravda.kz/n/dementsiey-v-kazahstane-stradayut-v-desyatki-raz-bolshe-chelovek-chem-priznaet-ofitsialnaya-statistika/}
}

@misc{postcovid-suicide,
   title={Подростковый суицид в Казахстане – на что родителям нужно обратить внимание},
   author={Айгюзель Кадир},
   howpublished={https://ru.sputnik.kz/20201207/podrostkovyy-suitsid-v-kazakhstane-na-chto-roditelyam-nuzhno-obratit-vnimanie-15672612.html}
}

@misc{gbd-results,
   title={GBD Results Tool},
   howpublished={https://ghdx.healthdata.org/gbd-results-tool?params=gbd-api-2019-permalink/d780dffbe8a381b25e1416884959e88b}
}